<?xml version="1.0" encoding="UTF-8"?>
<record xmlns="http://www.loc.gov/MARC21/slim" xmlns:xsi="http://www.w3.org/2001/XMLSchema-instance" xsi:schemaLocation="http://www.loc.gov/MARC21/slim http://www.loc.gov/standards/marcxml/schema/MARC21slim.xsd">
<leader>     cam a22002411  4500</leader>
<controlfield tag="001">001677614</controlfield>
<controlfield tag="003">NNU</controlfield>
<controlfield tag="005">20001218200847.0</controlfield>
<controlfield tag="008">870219s1967    iq       b    000 0 ararc</controlfield>
<datafield tag="010" ind1=" " ind2=" ">
<subfield code="a">ne 67001504</subfield>
</datafield>
<datafield tag="035" ind1="9" ind2=" ">
<subfield code="a">NYUb12220997</subfield>
</datafield>
<datafield tag="035" ind1=" " ind2=" ">
<subfield code="a">(CStRLIN)MIUG87-B12084</subfield>
</datafield>
<datafield tag="040" ind1=" " ind2=" ">
<subfield code="a">Princeton Univ. Libr.</subfield>
<subfield code="c">MiU</subfield>
<subfield code="d">MiU</subfield>
</datafield>
<datafield tag="100" ind1="1" ind2=" ">
<subfield code="a">Baḥrī, Luʼay.</subfield>
</datafield>
<datafield tag="245" ind1="1" ind2="0">
<subfield code="a">Sikkat ḥadīd Baghdād:</subfield>
<subfield code="b">dirāsah fī taṭawwur wa-diblūmāsīyat qaḍīyat Sikkat ḥadīd Birlīn-Baghdād ḥattáʻāmm 1914</subfield>
<subfield code="c">[taʼlīf] Luʼay Baḥrī.</subfield>
</datafield>
<datafield tag="260" ind1=" " ind2=" ">
<subfield code="a">Baghdād,</subfield>
<subfield code="b">Sharikat al-Ṭabʻ wa-al-Nashr al-Ahlīyah,</subfield>
<subfield code="c">1967.</subfield>
</datafield>
<datafield tag="300" ind1=" " ind2=" ">
<subfield code="a">180 p.</subfield>
<subfield code="c">25 cm.</subfield>
</datafield>
<datafield tag="500" ind1=" " ind2=" ">
<subfield code="a">Added t.p.: Die Bagdad-Bahn. A study in the development and diplomacy of the Baghdad railway question, by Louay Bahry.</subfield>
</datafield>
<datafield tag="504" ind1=" " ind2=" ">
<subfield code="a">Bibliography: p. 175-180.</subfield>
</datafield>
<datafield tag="610" ind1="2" ind2="0">
<subfield code="a">Baghdad Railway.</subfield>
</datafield>
<datafield tag="650" ind1=" " ind2="0">
<subfield code="a">Eastern question.</subfield>
</datafield>
<datafield tag="OWN" ind1=" " ind2=" ">
<subfield code="a">GENERAL</subfield>
</datafield>
<datafield tag="950" ind1=" " ind2=" ">
<subfield code="l">BMAIN</subfield>
<subfield code="a">D465</subfield>
<subfield code="b">.B3</subfield>
</datafield>
<datafield tag="955" ind1=" " ind2=" ">
<subfield code="l">BMAIN</subfield>
<subfield code="c">1</subfield>
<subfield code="r">012735661</subfield>
</datafield>
<datafield tag="998" ind1=" " ind2=" ">
<subfield code="s">9124</subfield>
</datafield>
<datafield tag="AVA" ind1=" " ind2=" ">
<subfield code="a">NYU50</subfield>
<subfield code="b">BOBST</subfield>
<subfield code="c">Main Collection</subfield>
<subfield code="d">D465 .B3</subfield>
<subfield code="e">unavailable</subfield>
<subfield code="t">Unavailable</subfield>
<subfield code="f">1</subfield>
<subfield code="g">1</subfield>
<subfield code="h">N</subfield>
<subfield code="i">1</subfield>
<subfield code="j">MAIN</subfield>
<subfield code="k">0</subfield>
</datafield>
</record>
